% Encoding: UTF-8

@misc{cryptoeprint:2011:535,
    author = {I. Damgard and  V. Pastro and N.P. Smart and S. Zakarias},
    title = {Multiparty Computation from Somewhat Homomorphic Encryption},
    howpublished = {Cryptology ePrint Archive, Report 2011/535},
    year = {2011},
    note = {\url{https://eprint.iacr.org/2011/535}},
}

@misc{cryptoeprint:2010:514,
    author = {Rikke Bendlin and Ivan Damgård and Claudio Orlandi and Sarah Zakarias},
    title = {Semi-Homomorphic Encryption and Multiparty Computation},
    howpublished = {Cryptology ePrint Archive, Report 2010/514},
    year = {2010},
    note = {\url{https://eprint.iacr.org/2010/514}},
}

@misc{cryptoeprint:2019:035,
    author = {Carsten Baum and Daniele Cozzo and Nigel P. Smart},
    title = {Using TopGear in Overdrive: A more efficient ZKPoK for SPDZ},
    howpublished = {Cryptology ePrint Archive, Report 2019/035},
    year = {2019},
    note = {\url{https://eprint.iacr.org/2019/035}},
}

@misc{cryptoeprint:2018:467,
    author = {Nigel P. Smart and Tim Wood},
    title = {Error-Detecting in Monotone Span Programs with Application to  Communication Efficient Multi-Party Computation},
    howpublished = {Cryptology ePrint Archive, Report 2018/467},
    year = {2018},
    note = {\url{https://eprint.iacr.org/2018/467}},
}

@misc{cryptoeprint:2017:492,
    author = {Marcel Keller and Dragos Rotaru  and Nigel P. Smart and Tim Wood},
    title = {Reducing Communication Channels in MPC},
    howpublished = {Cryptology ePrint Archive, Report 2017/492},
    year = {2017},
    note = {\url{https://eprint.iacr.org/2017/492}},
}

@misc{cryptoeprint:2016:505,
    author = {Marcel Keller and Emmanuela Orsini and Peter Scholl},
    title = {MASCOT: Faster Malicious Arithmetic Secure Computation with Oblivious Transfer},
    howpublished = {Cryptology ePrint Archive, Report 2016/505},
    year = {2016},
    note = {\url{https://eprint.iacr.org/2016/505}},
}

@misc{ScaleMambaDocumentation,
	author = {A. Aly,M. Keller,E. Orsini,D. Rotaru,P. Scholl,N.P. Smart,T. Wood},
	title ={SCALE–MAMBA v1.3 : Documentation},
	howpublished = {https://homes.esat.kuleuven.be/~nsmart/SCALE/Documentation.pdf},
	year = {2019},
	note = "'[Online; accessed 11.03.2019]"
}

@Comment{jabref-meta: databaseType:bibtex;}
